@Book{Bertot-Casteran:BOOK, 
	Author = {Bertot, Yves and Cast\'{e}ran, Pierre},
	Title = {{Interactive Theorem Proving and Program Development. Coq'Art: The Calculus of Inductive Constructions}},
        Series = {{Texts in Theoretical Computer Science}},
	Publisher = {Springer Verlag},
	Year = {2004}
} 

@Book{Chlipala:BOOK, 
	Author = {Adam Chlipala},
	Title = {{Certified Programming with Dependent Types}},
	Publisher = {The MIT Press},
	Year = {2013}
} 

@Book{Pierce:BOOK02, 
	Author = {Benjamin C. Pierce},
	Title = {{Types and Programming Languages}},
	Publisher = {The MIT Press},
	Year = {2002}
} 

@Book{Martin-Loef:84, 
	Author = {Per Martin-L\"{o}f },
	Title = {{Intuitionistic Type Theory}},
	Publisher = {Bibliopolis},
	Year = {1984}
} 

@techreport{Gontier-al:TR,
   author = {Georges Gonthier and 
             Assia Mahboubi and
             Enrico Tassi},
   title  = {{A Small Scale Reflection Extension for the Coq system}},  
   institution = {Microsoft Research -- Inria Joint Centre}, 
   number    = {6455},
   year = {2009},
}

@phdthesis{Garillot:PhD,
   title = {Generic Proof Tools and Finite Group Theory},
   author = {Fran\c{c}ois Garillot},
   school = {\'{E}cole Polytechnique},
   address = {Palaiseau, France},
   year = {2011}
}

@inproceedings{Reynolds:SP74,
  author    = {John C. Reynolds},
  title     = {Towards a theory of type structure},
  booktitle = {Symposium on Programming},
  publisher = {Springer},
  location  =  {Paris, France},
  series    = {LNCS},
  volume    = {19},
  year      = {1974},
  pages     = {408--423},
}


@phdthesis{Girard:PhD,
    title   = {Interpr\'{e}tation fonctionnelle et \'{e}limination des
                  coupures de l'{}arith-m\'{e}tique d'ordre
                  sup\'{e}rieur}, 
    author  = {Jean-Yves Girard},
    year    = {1972},
    school  = {Universit\'{e} Paris 7}
}

@misc{Coq-manual, 
   title = {{The Coq Proof Assistant -- Reference Manual, Version 8.4pl4}},
   institution = {INRIA},
   year = {2015},
   month = {May},
   author = {The {Coq Development Team}},
   note   = {Available at \url{http://coq.inria.fr/refman/}}
}

@article{Church:JSL40,
  author    = {Alonzo Church},
  title     = {A Formulation of the Simple Theory of Types},
  journal   = {The Journal of Symbolic Logic},
  volume    = {5},
  number    = {2},
  year      = {1940},
  pages     = {56-68},
}

@article{Coquand-Huet:IC88,
  author    = {Thierry Coquand and
               G{\'e}rard P. Huet},
  title     = {The Calculus of Constructions},
  journal   = {Information and Computation},
  volume    = {76},
  number    = {2/3},
  year      = {1988},
  pages     = {95-120},
}

@article{Curry:34,
  author    = {Haskell B. Curry},
  title     = {Functionality in combinatory logic},
  journal   = {Proceedings of the National Academy of Sciences of the United States of America},
  volume    = {20},
  number    = {11},
  year      = {1934},
  pages     = {584-590},
}

@inproceedings{Howard:80,
  author    = {William A. Howard},
  Note      = {Original paper manuscript from 1969},
  title     = {The formulae-as-types notion of construction},
  booktitle = {To H.B. Curry: Essays on Combinatory Logic, Lambda Calculus and Formalism},
  editor    = {Jonathan P. Seldin and 
               J. Roger Hindley},
  year      = {1980},
  publisher = {Academic Press},
  pages     = {479-490},
}

@article{Strachey:HOSC00,
	Author = {Christopher Strachey},
	Journal = {Higher-Order and Symbolic Computation},
	Number = {1/2},
	Pages = {11--49},
	Title = {{Fundamental Concepts in Programming Languages}},
	Volume = 13,
	Year = 2000}

@inproceedings{Werner:TACS97,
  author    = {Benjamin Werner},
  title     = {{Sets in Types, Types in Sets}},
  crossref  = {TACS:97},
  year      = {1997},
  pages     = {530-346},
}


@inproceedings{Coquand:LICS86,
  author    = {Thierry Coquand},
  title     = {{An Analysis of Girard's Paradox}},
  pages     = {227-236},
  crossref  = {LICS:86},
}

@inproceedings{Coquand-Huet:ECCA85,
  author    = {Thierry Coquand and
               G{\'e}rard P. Huet},
  title     = {{Constructions: A Higher Order Proof System for Mechanizing
               Mathematics}},
  crossref  = {ECCA:85},
  pages     = {151-184},
}

@phdthesis{Norell:PhD,
  author  = {Ulf Norell},
  title	  = {Towards a practical programming language based on dependent type
	     theory},
  school  = {Department of Computer Science and Engineering, Chalmers University of Technology},
  year	  = 2007,
  month	  = {September},
  address = {SE-412 96 G\"{o}teborg, Sweden}
}

@inproceedings{PeytonJones-al:ICFP06,
  author    = {Simon L. {Peyton Jones} and
               Dimitrios Vytiniotis and
               Stephanie Weirich and
               Geoffrey Washburn},
  title     = {{Simple unification-based type inference for GADTs}},
  pages     = {50-61},
  crossref  = {ICFP:06}, 
}


@inproceedings{Gontier-al:ICFP11,
  author    = {Georges Gonthier and
               Beta Ziliani and
               Aleksandar Nanevski and
               Derek Dreyer},
  title     = {How to make ad hoc proof automation less ad hoc},
  pages     = {163-175},
  crossref  = {ICFP:11},
}

@inproceedings{Mahboubi-Tassi:ITP13,
  author    = {Assia Mahboubi and
               Enrico Tassi},
  title     = {{Canonical Structures for the Working Coq User}},
  pages     = {19-34},
  crossref  = {ITP:13},
}

@inproceedings{Xi-al:POPL03,
  author    = {Hongwei Xi and
               Chiyan Chen and
               Gang Chen},
  title     = {Guarded recursive datatype constructors},
  pages     = {224-235},
  crossref  = {POPL:03},
}

@inproceedings{Stampoulis-Shao:ICFP10,
  author    = {Antonis Stampoulis and
               Zhong Shao},
  title     = {{VeriML: typed computation of logical terms inside a language
               with effects}},
  pages     = {333-344},
  crossref  = {ICFP:10},
}

@inproceedings{Ziliani-al:ICFP13,
  author    = {Beta Ziliani and
               Derek Dreyer and
               Neelakantan R. Krishnaswami and
               Aleksandar Nanevski and
               Viktor Vafeiadis},
  title     = {{Mtac: a monad for typed tactic programming in Coq}},
  pages     = {87-100},
  crossref  = {ICFP:13},
}

@book{Pierce-al:SF,
  author = {Benjamin C. Pierce and Chris Casinghino and Marco Gaboardi and
                  Michael Greenberg and C\v{a}t\v{a}lin Hri\c{t}cu 
                  and Vilhelm Sj\"{o}berg and Brent Yorgey},
  title = {{Software Foundations}},
  year = {2014},
  publisher = {Electronic textbook},
  note = {Available at \url{http://www.cis.upenn.edu/~bcpierce/sf}},
}

@inproceedings{Garillot-al:TPHOL09,
  author    = {Fran\c{c}ois Garillot and
               Georges Gonthier and
               Assia Mahboubi and
               Laurence Rideau},
  title     = {Packaging Mathematical Structures},
  pages     = {327-342},
  crossref  = {TPHOL:09},
}


@inproceedings{Wadler-Blott:POPL89,
  author    = {Philip Wadler and
               Stephen Blott},
  title     = {{How to Make ad-hoc Polymorphism Less ad-hoc}},
  pages     = {60-76},
  crossref  = {POPL:89},
}

@inproceedings{Nanevski-al:ESOP14,
  author    = {Aleksandar Nanevski and
               Ruy Ley-Wild and
               Ilya Sergey and
               Germ{\'a}n Andr{\'e}s Delbianco},
  title     = {{Communicating State Transition Systems for Fine-Grained
               Concurrent Resources}},
  pages     = {290-310},
  crossref  = {ESOP:14},
}

@inproceedings{Nanevski-al:POPL10,
  author    = {Aleksandar Nanevski and
               Viktor Vafeiadis and
               Josh Berdine},
  title     = {Structuring the verification of heap-manipulating programs},
  pages     = {261-274},
  crossref  = {POPL:10},
}

@inproceedings{Odersky-Zenger:OOPSLA05,
  author = {Odersky, Martin and Zenger, Matthias},
  title = {Scalable Component Abstractions},
  pages = {41--57},
  crossref = {OOPSLA:05}
}  

@phdthesis{Saibi:PhD,
   title = {Outils G\'{e}n\'{e}riques de Mod\'{e}lisation et de
                  D\'{e}monstration pour la Formalisation des
                  Math\'{e}matiques en Th\'{e}orie des Types:
                  application \`{a} la Th\'{e}orie des Cat\'{e}gories},
   author = {Amokrane Sa\"{i}bi},
   school = {Universit\'{e} Paris VI},
   address = {Paris, France},
   year = {1999}
}

@inproceedings{Sozeau-Oury:TPHOL08,
  author    = {Matthieu Sozeau and
               Nicolas Oury},
  title     = {{First-Class Type Classes}},
  pages     = {278-293},
  crossref  = {TPHOL:08},
}

@inproceedings{PeytonJones-Wadler:POPL93,
  author    = {Simon L. {Peyton Jones} and
               Philip Wadler},
  title     = {Imperative Functional Programming},
  pages     = {71-84},
  crossref  = {POPL:93},
}

@article{Hoare:CACM69,
  author    = {C. A. R. Hoare},
  title     = {An Axiomatic Basis for Computer Programming},
  journal   = {Communications of the ACM},
  volume    = {12},
  number    = {10},
  year      = {1969},
  pages     = {576-580},
}

@inproceedings{Dockins-Hobor:DS10,
  author    = {Robert Dockins and Aquinas Hobor},
  title     = {A theory of termination via indirection},
  pages     = {166-177},
  booktitle = {Proceedings of the Dagstuhl Seminar on Modelling,
                  Controlling and Reasoning about State},
  volume    = {10351},
  year      = {2010},
  location  = {Dagstuhl, Germany}
}

@article{Henglein:TOPLAS93,
  author    = {Fritz Henglein},
  title     = {{Type Inference with Polymorphic Recursion}},
  journal   = {ACM Transactions on Programming Languages and Systems},
  volume    = {15},
  number    = {2},
  year      = {1993},
  pages     = {253-289},
}

@article{Wright-Felleisen:IC94,
  author    = {Andrew K. Wright and
               Matthias Felleisen},
  title     = {A Syntactic Approach to Type Soundness},
  journal   = {Information and Computation},
  volume    = {115},
  number    = {1},
  year      = {1994},
  pages     = {38-94},
}

@book{Winskel:BOOK,
  author    = {Glynn Winskel},
  title     = {The formal semantics of programming languages --- an introduction},
  publisher = {MIT Press},
  series    = {Foundation of computing series},
  year      = {1993},
}

@inproceedings{Reynolds:LICS02,
  author    = {John C. Reynolds},
  title     = {{Separation Logic: A Logic for Shared Mutable Data Structures}},
  pages     = {55-74},
  crossref  = {LICS:02},
}

@techreport{Danvy:CPS,
	Author = {Danvy, Olivier},
	Institution = {Kansas State University},
	Number = {CIS-92-2},
        address = {Manhattan, Kansas, USA},
	Title = {{Three Steps for the CPS Transformation}},
	Year = {1992}}

@inproceedings{Reynolds:ACM72,
	location = {Boston, Massachusetts, USA},
	Author = {John C. Reynolds},
	Booktitle = {Proceedings of 25th ACM National Conference},
	Note = {Reprinted in Higher-Order and Symbolic Computation 11(4):363--397, 1998},
	publisher = {ACM},
	Pages = {717--740},
	Title = {{Definitional Interpreters for Higher-Order Programming Languages}},
	Year = 1972}

@techreport{Scala-spec,
    author = {Odersky, Martin},
    institution = {Programming Methods Laboratory, EPFL},
    address  = {Lausanne, Switzerland},
    title = {{The Scala Language Specification}, version 2.9},
    month = {June},
    Year = {2014}
}

@techreport{Ocaml-spec,
    author = {Xavier Leroy and  
              Damien Doligez and  
              Alain Frisch and  
              Jacques Garrigue and  
              Didier R\'{e}my and 
              J\'{e}r\^{o}me Vouillon},
    institution = {INRIA},
    title = {The OCaml system, release 4.01. Documentation and user's manual},
    note = {Available at \url{http://caml.inria.fr/pub/docs/manual-ocaml/}},
    month = {September},
    Year = {2013}
}


@article{Moggi:IC91,
  author    = {Eugenio Moggi},
  title     = {Notions of Computation and Monads},
  journal   = {Information and Computation},
  volume    = {93},
  number    = {1},
  year      = {1991},
  pages     = {55-92},
}

@inproceedings{Wadler:POPL92,
  author    = {Philip Wadler},
  title     = {The Essence of Functional Programming},
  pages     = {1-14},
  crossref  = {POPL:92},
}

@inproceedings{PeytonJones:squad,
  author = {Simon L. {Peyton Jones}},
  title = {Tackling the awkward squad: monadic input/output,
                  concurrency, exceptions, and foreign-language calls
                  in Haskell},
  pages = {47-96},
  booktitle = {Proceedings of the 2000 Marktoberdorf Summer School on
                  Engineering theories of software construction},
  publisher = {IOS Press},
  location = {Marktoberdorf, Germany},
  year = {2001}
}

@article{Nanevski-al:JFP08,
  author    = {Aleksandar Nanevski and
               J. Gregory Morrisett and
               Lars Birkedal},
  title     = {Hoare type theory, polymorphism and separation},
  journal   = {Journal of Functional Programming},
  volume    = {18},
  number    = {5-6},
  year      = {2008},
  pages     = {865-911},
}

@inproceedings{Nanevski-al:ICFP08,
  author    = {Aleksandar Nanevski and
               Greg Morrisett and
               Avraham Shinnar and
               Paul Govereau and
               Lars Birkedal},
  title     = {{Ynot: dependent types for imperative programs}},
  crossref  = {ICFP:08},
  pages     = {229-240},
}

@inproceedings{Sozeau:TYPES06,
  author    = {Matthieu Sozeau},
  title     = {{Subset Coercions in Coq}},
  pages     = {237-252},
  crossref  = {TYPES:06},
}

@book{Lloyd:87,
  author = {John W. Lloyd},
  title = {Foundations of Logic Programming, 2nd Edition},
  publisher = {Springer},
  year = {1987}
}

@inproceedings{Pfenning-Elliott:PLDI88,
  author    = {Frank Pfenning and
               Conal Elliott},
  title     = {Higher-Order Abstract Syntax},
  pages     = {199-208},
  crossref  = {PLDI:88},
}

@book{Graham:BOOK,
 author = {Graham, Paul},
 title = {{ANSI Common Lisp}},
 year = {1996},
 publisher = {Prentice Hall Press},
} 

@article{Chargueraud:JAR12,
  author    = {Arthur Chargu{\'e}raud},
  title     = {The Locally Nameless Representation},
  journal   = {Journal of Automated Reasoning},
  volume    = {49},
  number    = {3},
  year      = {2012},
  pages     = {363-408},
}

@inproceedings{Weirich-al:ICFP11,
  author    = {Stephanie Weirich and
               Brent A. Yorgey and
               Tim Sheard},
  title     = {Binders unbound},
  pages     = {333-345},
  crossref  = {ICFP:11},
}

@Book{Appel:BOOK14, 
	Author = {Andrew W. Appel and
                  Robert Dockins and
                  Aquinas Hobor and
                  Lennart Beringer and
                  Josiah Dodds and
                  Gordon Stewart and
                  Sandrine Blazy and 
                  Xavier Leroy},
	Title = {{Program Logics for Certified Compilers}},
	Publisher = {Cambridge University Press},
	Year = {2014}
} 


@article{Igarashi-al:TOPLAS01,
  author    = {Atsushi Igarashi and
               Benjamin C. Pierce and
               Philip Wadler},
  title     = {{Featherweight Java: a minimal core calculus for Java and
               GJ}},
  journal   = {ACM Trans. Program. Lang. Syst.},
  volume    = {23},
  number    = {3},
  year      = {2001},
  pages     = {396-450},
}

@inproceedings{Nanevski-al:ICFP06,
  author    = {Aleksandar Nanevski and
               Greg Morrisett and
               Lars Birkedal},
  title     = {{Polymorphism and separation in Hoare Type Theory}},
  pages     = {62-73},
  crossref  = {ICFP:06},
}


@inproceedings{Hur-al:POPL13,
  author    = {Chung-Kil Hur and
               Georg Neis and
               Derek Dreyer and
               Viktor Vafeiadis},
  title     = {The power of parameterization in coinductive proof},
  pages     = {193-206},
  crossref  = {POPL:13},
}

@article{Leroy-Grall:IC09,
  author    = {Xavier Leroy and
               Herv{\'e} Grall},
  title     = {Coinductive big-step operational semantics},
  journal   = {Information and Computation},
  volume    = {207},
  number    = {2},
  year      = {2009},
  pages     = {284-304},
}

@inproceedings{Stampoulis-Shao:POPL12,
  author    = {Antonis Stampoulis and
               Zhong Shao},
  title     = {Static and user-extensible proof checking},
  pages     = {273-284},
  crossref  = {POPL:12},
}

@inproceedings{Aydemir-al:POPL08,
  author    = {Brian E. Aydemir and
               Arthur Chargu{\'e}raud and
               Benjamin C. Pierce and
               Randy Pollack and
               Stephanie Weirich},
  title     = {Engineering formal metatheory},
  pages     = {3-15},
  crossref  = {POPL:08},
}

@inproceedings{Chlipala:PLDI11,
  author    = {Adam Chlipala},
  title     = {Mostly-automated verification of low-level programs in computational
               separation logic},
  pages     = {234-245},
  crossref  = {PLDI:11},
}

@inproceedings{Feng-al:PLDI06,
  author    = {Xinyu Feng and
               Zhong Shao and
               Alexander Vaynberg and
               Sen Xiang and
               Zhaozhong Ni},
  title     = {Modular verification of assembly code with stack-based control
               abstractions},
  pages     = {401-414},
  crossref  = {PLDI:06},
}

@inproceedings{Cai-al:PLDI07,
  author    = {Hongxu Cai and
               Zhong Shao and
               Alexander Vaynberg},
  title     = {Certified self-modifying code},
  pages     = {66-77},
  crossref  = {PLDI:07},
}


@inproceedings{Gonthier-al:ITP13,
  author    = {Georges Gonthier and
               Andrea Asperti and
               Jeremy Avigad and
               Yves Bertot and
               Cyril Cohen and
               Fran\c{c}ois Garillot and
               St{\'e}phane Le Roux and
               Assia Mahboubi and
               Russell O'Connor and
               Sidi Ould Biha and
               Ioana Pasca and
               Laurence Rideau and
               Alexey Solovyev and
               Enrico Tassi and
               Laurent Th{\'e}ry},
  title     = {{A Machine-Checked Proof of the Odd Order Theorem}},
  pages     = {163-179},
  crossref  = {ITP:13},
}

@article{Gonthier:AMS08,
    author = {Gonthier, Georges},
    journal = {Notices of the American Mathematical Society},
    month = dec,
    number = {11},
    pages = {1382--1393},
    title = {{Formal Proof --- The Four-Color Theorem}},
    volume = {55},
    year = {2008}
}

@article{Haskell-report,
  author    = {Paul Hudak and
               Simon L. Peyton Jones and
               Philip Wadler and
               Brian Boutel and
               Jon Fairbairn and
               Joseph H. Fasel and
               Mar\'{\i}a M. Guzm{\'a}n and
               Kevin Hammond and
               John Hughes and
               Thomas Johnsson and
               Richard B. Kieburtz and
               Rishiyur S. Nikhil and
               Will Partain and
               John Peterson},
  title     = {{Report on the Programming Language Haskell, A Non-strict,
               Purely Functional Language}},
  journal   = {SIGPLAN Notices},
  volume    = {27},
  number    = {5},
  year      = {1992},
  pages     = {1-},
}

@book{SML-report,
 author = {Milner, Robin and Tofte, Mads and Macqueen, David},
 title = {{The  Definition of Standard ML}},
 year = {1997},
 publisher = {MIT Press},
 address = {Cambridge, MA, USA},
} 

@inproceedings{Floyd:67,
    author = {Robert W. Floyd},
    booktitle = {Proceedings of the Symposium on Applied Mathematics},
    pages = {19-31},
    title = {{Assigning meanings to programs}},
    volume = {19},
    year = {1967}
}

@book{Bird:BOOK,
  title = {{Pearls of Functional Algorithm Design}},
  author = {Richard Bird},
  year = {2010},
  publisher = {Cambridge University Press},
}

@inproceedings{Sozeau-Tabareau:ITP14,
  author    = {Matthieu Sozeau and
               Nicolas Tabareau},
  title     = {{Universe Polymorphism in Coq}},
  pages     = {499--514},
  crossref  = {ITP:14},
}
